@article{sudhakar2009history,
  title={History of cancer, ancient and modern treatment methods},
  author={Sudhakar, Akulapalli},
  journal={Journal of cancer science \& therapy},
  volume={1},
  number={2},
  pages={1},
  year={2009},
  publisher={NIH Public Access}
}

@misc{cancergov2017stat,
  author = {National Cancer Institute, The Centers for Disease Control and Prevention, American Cancer Society, the North American Association of Central Cancer Registries},
  title = {{Cancer Statistics}},
  howpublished = "\url{https://www.cancer.gov/about-cancer/understanding/statistics}",
  year = {2017}, 
  note = "[Online; accessed 07-November-2017]"
}

@article{ferlay2015cancer,
  title={Cancer incidence and mortality worldwide: sources, methods and major patterns in GLOBOCAN 2012},
  author={Ferlay, Jacques and Soerjomataram, Isabelle and Dikshit, Rajesh and Eser, Sultan and Mathers, Colin and Rebelo, Marise and Parkin, Donald Maxwell and Forman, David and Bray, Freddie},
  journal={International journal of cancer},
  volume={136},
  number={5},
  year={2015},
  publisher={Wiley Online Library}
}

@article{macdonald2003microfluidic,
  title={Microfluidic sorting in an optical lattice},
  author={MacDonald, MP and Spalding, GC and Dholakia, Kishan},
  journal={Nature},
  volume={426},
  number={6965},
  pages={421--424},
  year={2003},
  publisher={Nature Publishing Group}
}

@article{wang2005microfluidic,
  title={Microfluidic sorting of mammalian cells by optical force switching},
  author={Wang, Mark M and Tu, Eugene and Raymond, Daniel E and Yang, Joon Mo and Zhang, Haichuan and Hagen, Norbert and Dees, Bob and Mercer, Elinore M and Forster, Anita H and Kariv, Ilona and others},
  journal={Nature biotechnology},
  volume={23},
  number={1},
  pages={83--87},
  year={2005},
  publisher={Nature Publishing Group}
}

@article{baret2009fluorescence,
  title={Fluorescence-activated droplet sorting (FADS): efficient microfluidic cell sorting based on enzymatic activity},
  author={Baret, Jean-Christophe and Miller, Oliver J and Taly, Valerie and Ryckelynck, Micha{\"e}l and El-Harrak, Abdeslam and Frenz, Lucas and Rick, Christian and Samuels, Michael L and Hutchison, J Brian and Agresti, Jeremy J and others},
  journal={Lab on a Chip},
  volume={9},
  number={13},
  pages={1850--1858},
  year={2009},
  publisher={Royal Society of Chemistry}
}

@article{mu2013microfluidics,
  title={Microfluidics for manipulating cells},
  author={Mu, Xuan and Zheng, Wenfu and Sun, Jiashu and Zhang, Wei and Jiang, Xingyu},
  journal={Small},
  volume={9},
  number={1},
  pages={9--21},
  year={2013},
  publisher={Wiley Online Library}
}

